@article{ GEO,
    author = "Edgar R, Domrachev M, Lash A",
    title = "Gene Expression Omnibus: NCBI gene expression and hybridization array data repository.",
    journal = "Nucleic Acids Res.",
    volume = "30",
    pages = "207-210",
    year = "2002",
    langid = "english"
}

@misc{ Fisher,
    year = "2018",
    title = "Fisher's exact test",
    url = "https://en.wikipedia.org/wiki/Fisher%27s_exact_test",
    howpublished = "[Электронный ресурс]",
    langid = "english"
}

@misc{ R,
    year = "2018",
    title = "The R Project for Statistical Computing",
    url = "https://www.r-project.org/",
    howpublished = "[Электронный ресурс]",
    langid = "english"
}
%online
%misc
@misc{ GEOracleArticle,
    author = "Djordje Djordjevic, Yun Xin Chen",
    title = "GEOracle: Mining perturbation experiments using free text metadata in Gene Expression Omnibus",
    year = "2017",
    url = "https://doi.org/10.1101/150896",
    howpublished = "[Электронный ресурс]",
    langid = "english"
}

@misc{ ARCHS4help,
    year = "2018",
    title = "ARCHS4 Help",
    url = "https://amp.pharm.mssm.edu/archs4/help.html",
    howpublished = "[Электронный ресурс]",
    langid = "english"
}

@misc{ Containerization,
    year = "2017",
    title = "Контейнеризация",
    url = "https://ru.wikipedia.org/wiki/",
    howpublished = "[Электронный ресурс]",
    langid = "russian"
}

@misc{ Docker,
    year = "2018",
    title = "Docker",
    url = "https://www.docker.com/",
    howpublished = "[Электронный ресурс]",
    langid = "english"
}

@book{ Introduction,
    author = "Терри А.Браун",
    title = "Геномы",
    pages = "921",
    year = "2011",
    publisher = "Институт компьютерных исследований",
    address = "М.-Ижевск",
    langid = "russian"
}

@misc{ GeneQuery,
    year = "2016",
    title = "GeneQuery",
    url = "http://genome.ifmo.ru/genequery/searcher/",
    howpublished = "[Электронный ресурс]",
    langid = "english"
}

@misc{ Bioconductor,
    year = "2018",
    title = "Bioconductor",
    url = "https://www.bioconductor.org/",
    howpublished = "[Электронный ресурс]",
    langid = "english"
}

@misc{ DockerDock,
    year = "2018",
    title = "Dockerfile reference",
    url = "https://docs.docker.com/engine/reference/builder/",
    howpublished = "[Электронный ресурс]",
    langid = "english"
}

@misc{ DockerUnderstanding,
    year = "2015",
    title = "Понимая Docker",
    url = "https://habr.com/post/253877/",
    howpublished = "[Электронный ресурс]",
    langid = "russian"
}

@omisc{ DockerHub,
    year = "2016",
    title = "DockerHub",
    url = "https://hub.docker.com/",
    howpublished = "[Электронный ресурс]",
    langid = "english"
}

@misc{ Bonferroni,
    year = "2018",
    title = "Bonferroni correction",
    url = "https://en.wikipedia.org/wiki/Bonferroni_correction",
    howpublished = "[Электронный ресурс]",
    langid = "english"
}

@article{ Glycolysis,
    author = "N.Yu. Oparina, A.V. Snezhkina, A.F. Sadritdinova",
    title = "Differential expression of genes that encode glycolysis enzymes in kidney and lung cancer in humans",
    journal = "Russian Journal of Genetics",
    volume = "49",
    pages = "707-716",
    year = "2013",
    langid = "english"
}

@misc{ GEOracle,
    year = "2017",
    title = "GEOracle",
    url = "http://georacle.victorchang.edu.au/",
    howpublished = "[Электронный ресурс]",
    langid = "english"
}

@misc{ ARCHS4,
    year = "2018",
    title = "ARCHS4: Massive Mining of Publicly Available RNA-seq Data from Human and Mouse",
    url = "https://amp.pharm.mssm.edu/archs4/index.html",
    howpublished = "[Электронный ресурс]",
    langid = "english"
}

@misc{ GEOprofiles,
    year = "2018",
    title = "GEO Profiles",
    url = "https://www.ncbi.nlm.nih.gov/geoprofiles/",
    howpublished = "[Электронный ресурс]",
    langid = "english"
}


